<record><leader>00000cas a2200000 a 4500</leader><controlfield tag="001">35690054</controlfield><controlfield tag="008">961007d18uu1920miuwr ne      0    0eng c</controlfield><datafield ind1=" " ind2=" " tag="010"><subfield code="a">sn 96077117 </subfield></datafield><datafield ind1=" " ind2=" " tag="040"><subfield code="a">MHN</subfield><subfield code="b">eng</subfield><subfield code="c">MHN</subfield><subfield code="d">OCL</subfield><subfield code="d">OCLCQ</subfield><subfield code="d">OCLCF</subfield><subfield code="d">OCLCO</subfield></datafield><datafield ind1="1" ind2=" " tag="029"><subfield code="a">AU@</subfield><subfield code="b">000012911035</subfield></datafield><datafield ind1=" " ind2=" " tag="042"><subfield code="a">pcc</subfield></datafield><datafield ind1=" " ind2=" " tag="043"><subfield code="a">n-us-mi</subfield></datafield><datafield ind1="0" ind2="0" tag="245"><subfield code="a">Kalamazoo herald.</subfield></datafield><datafield ind1=" " ind2=" " tag="260"><subfield code="a">Kalamazoo [Mich.] :</subfield><subfield code="b">Herald Pub. Co.</subfield></datafield><datafield ind1=" " ind2=" " tag="300"><subfield code="a">v.</subfield></datafield><datafield ind1=" " ind2=" " tag="310"><subfield code="a">Weekly</subfield></datafield><datafield ind1="0" ind2=" " tag="362"><subfield code="a">-no. 378 (Feb. 5, 1920) ; no. 279 (Feb. 12, 1920)-</subfield></datafield><datafield ind1="1" ind2=" " tag="362"><subfield code="a">Ceased Apr. 1920?</subfield></datafield><datafield ind1=" " ind2=" " tag="580"><subfield code="a">Merged with: Kalamazoo Saturday night, to form: Kalamazoo Satuday night and herald.</subfield></datafield><datafield ind1=" " ind2=" " tag="588"><subfield code="a">Description based on: 3rd yr. (May 21, 1888).</subfield></datafield><datafield ind1=" " ind2="0" tag="651"><subfield code="a">Kalamazoo (Mich.)</subfield><subfield code="v">Newspapers.</subfield></datafield><datafield ind1=" " ind2="0" tag="651"><subfield code="a">Kalamazoo County (Mich.)</subfield><subfield code="v">Newspapers.</subfield></datafield><datafield ind1=" " ind2="7" tag="655"><subfield code="a">Newspapers.</subfield><subfield code="2">fast</subfield><subfield code="0">(OCoLC)fst01423814</subfield></datafield><datafield ind1=" " ind2="7" tag="651"><subfield code="a">Michigan</subfield><subfield code="z">Kalamazoo.</subfield><subfield code="2">fast</subfield><subfield code="0">(OCoLC)fst01204469</subfield></datafield><datafield ind1=" " ind2="7" tag="651"><subfield code="a">Michigan</subfield><subfield code="z">Kalamazoo County.</subfield><subfield code="2">fast</subfield><subfield code="0">(OCoLC)fst01204722</subfield></datafield><datafield ind1=" " ind2=" " tag="752"><subfield code="a">United States</subfield><subfield code="b">Michigan</subfield><subfield code="c">Kalamazoo</subfield><subfield code="d">Kalamazoo.</subfield></datafield><datafield ind1="1" ind2="7" tag="785"><subfield code="t">Kalamazoo Saturday night</subfield><subfield code="w">(DLC)sn 96077123</subfield><subfield code="w">(OCoLC)35699580</subfield></datafield><datafield ind1="1" ind2="7" tag="785"><subfield code="t">Kalamazoo Saturday night and herald</subfield><subfield code="w">(DLC)sn 96077124</subfield><subfield code="w">(OCoLC)35699721</subfield></datafield></record>